@article{bueno2020,
title = {Assigning and sequencing batches and blends of oil derivatives in a mesh-like pipeline network},
journal = {Computers \& Chemical Engineering},
volume = {139},
pages = {106894},
year = {2020},
issn = {0098-1354},
doi = {https://doi.org/10.1016/j.compchemeng.2020.106894},
url = {https://www.sciencedirect.com/science/article/pii/S0098135419307550},
author = {L. Bueno and L. Magatão and L.V.R. Arruda and F. Neves and A. Monteiro and J.P. Vaqueiro},
}

@article{meira2021,
title = {A solution framework for the long-term scheduling and inventory management of straight pipeline systems with multiple-sources},
journal = {Computers \& Operations Research},
volume = {127},
pages = {105143},
year = {2021},
issn = {0305-0548},
doi = {https://doi.org/10.1016/j.cor.2020.105143},
url = {https://www.sciencedirect.com/science/article/pii/S0305054820302604},
author = {William Hitoshi {Tsunoda Meira} and Leandro Magatão and Flávio {Neves Jr.} and Lúcia V.R. Arruda and Jonas Portugal Vaqueiro and Susana Relvas and Ana Paula Barbosa-Póvoa},
}